@misc{jonassangris,
  author = {Jonas Sangris},
  title = {{Q\&A with Retired Chief of Dene First Nation}},
  year = {2025},
  month = {2},
  day = {3},
  note = {Online via Class Zoom}
}

@misc{nwtcaribou,
  author = {{Tree Canada}},
  title = {{Bringing Back the Caribou: Planting 1 Million Trees on Tlicho Lands in NWT}},
  year = {2024},
  month = {3},
  day = {14},
  url = {https://treecanada.ca/article/bringing-back-the-caribou-planting-1-million-trees-on-tli%CC%A8ch%C7%AB-lands-in-nwt/},
  note = {Accessed: 2023-10-05}
}